@ARTICLE{aaa,

   AUTHOR="ěščřžýáíůúK. von Klitzing and G. Dorda and M. Pepper",

   TITLE="New method for high accuracy determination of fine structure

            constant based on quantised hall resistance",

   JOURNAL=PRL,

   VOLUME=45,

   PAGES=494,

   YEAR=1980

}
